@misc{codebase,
url={https://www.101computing.net/minesweeper-in-javascript/}
}

@misc{trans,
url = {https://www.w3schools.com/css/css3_transitions.asp}
}

@misc{w3,
url = {https://www.w3schools.com/}
}

@misc{images-link,
url = {https://www.flaticon.com/}
}

@misc{font-link,
url = {https://www.fontspace.com/}
}

@misc{sounds-link,
url = {https://mixkit.co/}
}

@misc{lead-link,
url = {https://stackoverflow.com/questions/47918195/creating-a-basic-html-javascript-leaderboard}
}
